@article{8274922,
  author={Meng, Weizhi and Tischhauser, Elmar Wolfgang and Wang, Qingju and Wang, Yu and Han, Jinguang},
  journal={IEEE Access}, 
  title={When Intrusion Detection Meets Blockchain Technology: A Review}, 
  note={\href{https://ieeexplore.ieee.org/document/8274922}{https://ieeexplore.ieee.org/document/8274922}},
  year={2018},
  volume={6},
  number={},
  pages={10179-10188},
  doi={10.1109/ACCESS.2018.2799854}}
@techreport{McAfee_next_gen_IDS,
  author={Fengmin Gong},
  title={McAfee Network Security Platform: The Next-Generation Network IPS},
  note={\href{http://www.webtorials.com/main/resource/papers/McAfee/paper3/next-generation-network-ips.pdf}{http://www.webtorials.com/main/resource/papers/McAfee/paper3/next-generation-network-ips.pdf}},
  year={2003},
  address={San Jose, 6220 America Center Drive, United States},
  organization={McAfee Network Security Platform}}
@techreport{wiki_HIDS,
  author={Wikipedia},
  title={Host-based intrusion detection system},
  year={2023},
  note={\href{https://en.wikipedia.org/wiki/Host-based_intrusion_detection_system}{https://en.wikipedia.org/wiki/Host-based\_intrusion\_detection\_system}}}
@techreport{wiki_IDS,
  author={Wikipedia},
  title={Intrusion detectino system},
  year={2023},
  note={\href{https://en.wikipedia.org/wiki/Intrusion_detection_system}{https://en.wikipedia.org/wiki/Intrusion\_detection\_system}}}
@techreport{NIST_IDPS,
  author={Keren Scarfone, Peter Mell},
  title={Guide to Intrusion Detection and Prevention Systems (IDPS)},
  year={2007},
  doi={10.6028/nist.sp.800-94},
  note={\href{http://dx.doi.org/10.6028/nist.sp.800-94}{http://dx.doi.org/10.6028/nist.sp.800-94}}}
@inproceedings{emerald-niss97,
    AUTHOR = {Phillip {A.} Porras and Peter {G.} Neumann},
    TITLE = {{EMERALD:} Event Monitoring Enabling Responses to Anomalous Live Disturbances},
    BOOKTITLE = {1997 National Information Systems Security Conference},
    YEAR = {1997},
    MONTH = {oct},
    note={\href{https://www.csl.sri.com/papers/emerald-niss97/}{https://www.csl.sri.com/papers/emerald-niss97/}}}
@inproceedings{Snapp1997DIDSI,
  title={DIDS (distributed intrusion detection system)â€”motivation, architecture, and an early prototype},
  author={Steven R. Snapp and James Brentano and Gihan V. Dias and Terrance Goan and L. Todd Heberlein and Che-Lin Ho and Karl N. Levitt and Biswanath Mukherjee and Stephen E. Smaha and Timothy Grance and Daniel M. Teal and Douglass L. Mansur},
  year={1997},
  note={\href{http://dl.lib.uom.lk/handle/123/12232}{http://dl.lib.uom.lk/handle/123/12232}}}
@INPROCEEDINGS{COSSACK,
  author={Papadopoulos, C. and Lindell, R. and Mehringer, J. and Hussain, A. and Govindan, R.},
  booktitle={Proceedings DARPA Information Survivability Conference and Exposition}, 
  title={Cossack: coordinated suppression of simultaneous attacks}, 
  year={2003},
  volume={1},
  number={},
  pages={2-13 vol.1},
  doi={10.1109/DISCEX.2003.1194868},
  note={\href{https://ieeexplore.ieee.org/document/1194868}{https://ieeexplore.ieee.org/document/1194868}}}
@article{DOMINO,
  author = {Yegneswaran, Vinod and Barford, Paul and Jha, Somesh},
  year = {2004},
  month = {01},
  pages = {},
  title = {Global intrusion detection in the DOMINO overlay system},
  note={\href{https://www.csl.sri.com/~vinod/papers/domino.pdf}{https://www.csl.sri.com/~vinod/papers/domino.pdf}}}
